@article{cuomo1993,
  title = {Circuit implementation of synchronized chaos with applications to communications},
  author = {Cuomo, Kevin M. and Oppenheim, Alan V.},
  journal = {Phys. Rev. Lett.},
  volume = {71},
  issue = {1},
  pages = {65--68},
  numpages = {0},
  year = {1993},
  month = {Jul},
  publisher = {American Physical Society},
  doi = {10.1103/PhysRevLett.71.65},
  url = {https://link.aps.org/doi/10.1103/PhysRevLett.71.65}
} # for theory of E(t) -> 0

@book {strogtaz2015,
    AUTHOR = {Strogatz, Steven H.},
     TITLE = {Nonlinear dynamics and chaos},
   EDITION = {Second},
      NOTE = {With applications to physics, biology, chemistry, and
              engineering},
 PUBLISHER = {Westview Press, Boulder, CO},
      YEAR = {2015},
     PAGES = {xiii+513},
      ISBN = {978-0-8133-4910-7; 978-0-8133-4911-4},
   MRCLASS = {37-01 (28A80 34-01 34C28 37Cxx 37D45)},
  MRNUMBER = {3837141},
MRREVIEWER = {Anca R\v{a}dulescu},
} # book for introduction

 @article {he_vaidya_1992,
    AUTHOR = {He, Rong and Vaidya, P. G.},
     TITLE = {Analysis and synthesis of synchronous periodic and chaotic
              systems},
   JOURNAL = {Phys. Rev. A (3)},
  FJOURNAL = {Physical Review. A. Third Series},
    VOLUME = {46},
      YEAR = {1992},
    NUMBER = {12},
     PAGES = {7387--7392},
      ISSN = {1050-2947},
   MRCLASS = {58F13 (34C15)},
  MRNUMBER = {1197303},
       DOI = {10.1103/PhysRevA.46.7387},
       URL = {https://doi.org/10.1103/PhysRevA.46.7387},
}

@ARTICLE{expProof,
  author={Cuomo, K.M. and Oppenheim, A.V. and Strogatz, S.H.},
  journal={IEEE Transactions on Circuits and Systems II: Analog and Digital Signal Processing}, 
  title={Synchronization of Lorenz-based chaotic circuits with applications to communications}, 
  year={1993},
  volume={40},
  number={10},
  pages={626-633},
  doi={10.1109/82.246163}}

@book{strogatz2019nonlinear,
  title={Nonlinear Dynamics and Chaos: With Applications to Physics, Biology, Chemistry, and Engineering},
  author={Strogatz, S.},
  isbn={9780367092061},
  series={Chapman \& Hall book},
  year={2019},
  publisher={CRC Press}
}

@article{chaoticnoise,
author = {Cuomo, K.M. and Oppenheim, A.V. and Strogatz, S.H.},
title = {Robustness and Signal Recovery in a Synchronized Chaotic System},
journal = {International Journal of Bifurcation and Chaos},
volume = {03},
number = {06},
pages = {1629-1638},
year = {1993},
doi = {10.1142/S021812749300129X},
URL = {https://doi.org/10.1142/S021812749300129X
}
}

@article{pecora,
  title = {Synchronization in chaotic systems},
  author = {Pecora, Louis M. and Carroll, Thomas L.},
  journal = {Phys. Rev. Lett.},
  volume = {64},
  issue = {8},
  pages = {821--824},
  numpages = {0},
  year = {1990},
  month = {Feb},
  publisher = {American Physical Society},
  doi = {10.1103/PhysRevLett.64.821},
  url = {https://link.aps.org/doi/10.1103/PhysRevLett.64.821}
}
